%! Author = Kiron
%! Date = 02-Feb-23

